@article{scigen,
Author = {Niklas Andersson},
Title = {Evaluating E-Business and Gigabit Switches with Quint},
Journal = {Communications of the {ACM}},
Year = {2007}
}

@article{test,
Author = {Johnny Walker},
Title = {On Whiskey},
Journal = {Communications of the {AA}},
Year = {1999}
}

@inproceedings{pei2015,
  title={An effective neural network model for graph-based dependency parsing},
  author={Pei, Wenzhe and Ge, Tao and Chang, Baobao},
  booktitle={Proc. of ACL},
  year={2015}
}

@article{adagrad,
  title={Adaptive subgradient methods for online learning and stochastic optimization},
  author={Duchi, John and Hazan, Elad and Singer, Yoram},
  journal={The Journal of Machine Learning Research},
  volume={12},
  pages={2121--2159},
  year={2011},
  publisher={JMLR. org}
}

@article{dropout,
  title={Dropout: A simple way to prevent neural networks from overfitting},
  author={Srivastava, Nitish and Hinton, Geoffrey and Krizhevsky, Alex and Sutskever, Ilya and Salakhutdinov, Ruslan},
  journal={The Journal of Machine Learning Research},
  volume={15},
  number={1},
  pages={1929--1958},
  year={2014},
  publisher={JMLR. org}
}

@book{shor,
  title={Minimization methods for non-differentiable functions},
  author={Shor, Naum Zuselevich},
  volume={3},
  year={2012},
  publisher={Springer Science \& Business Media}
}

@book{tutte,
  title={Graph Theory},
  author={William, Thomas Tutte},
  year={1984},
  publisher={Cambrige Press}
}

@inproceedings{mmsc,
  title={(Approximate) Subgradient Methods for Structured Prediction},
  author={Ratliff, Nathan D and Bagnell, J Andrew and Zinkevich, Martin},
  booktitle={International Conference on Artificial Intelligence and Statistics},
  pages={380--387},
  year={2007}
}

@inproceedings{glove,
  title={Glove: Global Vectors for Word Representation},
  author={Pennington, Jeffrey and Socher, Richard and Manning, Christopher D},
  booktitle={EMNLP},
  volume={14},
  pages={1532--1543},
  year={2014}
}

@inproceedings{word2vec,
  title={Distributed representations of words and phrases and their compositionality},
  author={Mikolov, Tomas and Sutskever, Ilya and Chen, Kai and Corrado, Greg S and Dean, Jeff},
  booktitle={Advances in neural information processing systems},
  pages={3111--3119},
  year={2013}
}


@inproceedings{mcdonald2005online,
  title={Online large-margin training of dependency parsers},
  author={McDonald, Ryan and Crammer, Koby and Pereira, Fernando},
  booktitle={Proceedings of the 43rd annual meeting on association for computational linguistics},
  pages={91--98},
  year={2005},
  organization={Association for Computational Linguistics}
}
@inproceedings{mcdonald2005non,
  title={Non-projective dependency parsing using spanning tree algorithms},
  author={McDonald, Ryan and Pereira, Fernando and Ribarov, Kiril and Hajic, Jan},
  booktitle={Proceedings of the conference on Human Language Technology and Empirical Methods in Natural Language Processing},
  pages={523--530},
  year={2005},
  organization={Association for Computational Linguistics}
}
@inproceedings{collins2004incremental,
  title={Incremental parsing with the perceptron algorithm},
  author={Collins, Michael and Roark, Brian},
  booktitle={Proceedings of the 42nd Annual Meeting on Association for Computational Linguistics},
  pages={111},
  year={2004},
  organization={Association for Computational Linguistics}
}
@inproceedings{taskar2004max,
  title={Max-Margin Parsing},
  author={Taskar, Ben and Klein, Dan and Collins, Michael and Koller, Daphne and Manning, Christopher D},
  booktitle={EMNLP},
  volume={1},
  number={1.1},
  pages={3},
  year={2004},
  organization={Citeseer}
}

@article{crammer2002algorithmic,
  title={On the algorithmic implementation of multiclass kernel-based vector machines},
  author={Crammer, Koby and Singer, Yoram},
  journal={The Journal of Machine Learning Research},
  volume={2},
  pages={265--292},
  year={2002},
  publisher={JMLR. org}
}


@article{mcculloch1943logical,
  title={A logical calculus of the ideas immanent in nervous activity},
  author={McCulloch, Warren S and Pitts, Walter},
  journal={The bulletin of mathematical biophysics},
  volume={5},
  number={4},
  pages={115--133},
  year={1943},
  publisher={Springer}
}

@article{werbos1974,
  title={Beyond regression: New tools for prediction and analysis in the behavioral sciences},
  author={Werbos, Paul},
  year={1974}
}


@inproceedings{rumelhart1986,
  title={Feature discovery by competitive learning},
  author={Rumelhart, David E and Zipser, David},
  booktitle={Parallel distributed processing: explorations in the microstructure of cognition, vol. 1},
  pages={151--193},
  year={1986},
  organization={MIT Press}
}

@article{lecun1989,
  title={Backpropagation applied to handwritten zip code recognition},
  author={LeCun, Yann and Boser, Bernhard and Denker, John S and Henderson, Donnie and Howard, Richard E and Hubbard, Wayne and Jackel, Lawrence D},
  journal={Neural computation},
  volume={1},
  number={4},
  pages={541--551},
  year={1989},
  publisher={MIT Press}
}

@article{hornik1989,
  title={Multilayer feedforward networks are universal approximators},
  author={Hornik, Kurt and Stinchcombe, Maxwell and White, Halbert},
  journal={Neural networks},
  volume={2},
  number={5},
  pages={359--366},
  year={1989},
  publisher={Elsevier}
}

@inproceedings{koo2010efficient,
  title={Efficient third-order dependency parsers},
  author={Koo, Terry and Collins, Michael},
  booktitle={Proceedings of the 48th Annual Meeting of the Association for Computational Linguistics},
  pages={1--11},
  year={2010},
  organization={Association for Computational Linguistics}
}

@inproceedings{mcdonald2006online,
  title={Online Learning of Approximate Dependency Parsing Algorithms},
  author={McDonald, Ryan T and Pereira, Fernando CN},
  booktitle={EACL},
  year={2006}
}

@inproceedings{eisner1996three,
  title={Three new probabilistic models for dependency parsing: An exploration},
  author={Eisner, Jason M},
  booktitle={Proceedings of the 16th conference on Computational linguistics-Volume 1},
  pages={340--345},
  year={1996},
  organization={Association for Computational Linguistics}
}

@inproceedings{mcdonald2007complexity,
  title={On the complexity of non-projective data-driven dependency parsing},
  author={McDonald, Ryan and Satta, Giorgio},
  booktitle={Proceedings of the 10th International Conference on Parsing Technologies},
  pages={121--132},
  year={2007},
  organization={Association for Computational Linguistics}
}

@inproceedings{hall2007log,
  title={Log-Linear Models of Non-Projective Trees, k-best MST Parsing and Tree-Ranking},
  author={Hall, Keith and Havelka, Jiri and Smith, David A},
  booktitle={EMNLP-CoNLL},
  pages={962--966},
  year={2007}
}

@inproceedings{koo2007structured,
  title={Structured prediction models via the matrix-tree theorem},
  author={Koo, Terry and Globerson, Amir and Carreras Perez, Xavier and Collins, Michael},
  booktitle={Joint Conference on Empirical Methods in Natural Language Processing and Computational Natural Language Learning (EMNLP-CoNLL)},
  pages={141--150},
  year={2007}
}

@inproceedings{chu1965,
  title={Probabilistic Models of Nonprojective Dependency Trees},
  author={Smith, David A and Smith, Noah A},
  booktitle={Science Sinica},
  pages={1396â€“1400},
  year={1965}
}

@inproceedings{smith2007probabilistic,
  title={On the Shortest Arborescence of a Directed Graph},
  author={Chu, Y. J. and Liu, T. H.},
  booktitle={EMNLP-CoNLL},
  pages={132--140},
  year={2007}
}

@article{paskin2002grammatical,
  title={Grammatical digrams},
  author={Paskin, Mark A},
  journal={Advances in Neural Information Processing Systems},
  volume={14},
  number={1},
  pages={91--97},
  year={2002}
}

@article{lari1990estimation,
  title={The estimation of stochastic context-free grammars using the inside-outside algorithm},
  author={Lari, Karim and Young, Steve J},
  journal={Computer speech \& language},
  volume={4},
  number={1},
  pages={35--56},
  year={1990},
  publisher={Elsevier}
}

@article{younger1967recognition,
  title={Recognition and parsing of context-free languages in time $n^3$},
  author={Younger, Daniel H},
  journal={Information and control},
  volume={10},
  number={2},
  pages={189--208},
  year={1967},
  publisher={Elsevier}
}

@inproceedings{kudo2002japanese,
  title={Japanese dependency analysis using cascaded chunking},
  author={Kudo, Taku and Matsumoto, Yuji},
  booktitle={proceedings of the 6th conference on Natural language learning-Volume 20},
  pages={1--7},
  year={2002},
  organization={Association for Computational Linguistics}
}

@inproceedings{yamada2003statistical,
  title={Statistical dependency analysis with support vector machines},
  author={Yamada, Hiroyasu and Matsumoto, Yuji},
  booktitle={Proceedings of IWPT},
  volume={3},
  pages={195--206},
  year={2003}
}

@inproceedings{nivre2003efficient,
  title={An efficient algorithm for projective dependency parsing},
  author={Nivre, Joakim},
  booktitle={Proceedings of the 8th International Workshop on Parsing Technologies (IWPT},
  year={2003},
  organization={Citeseer}
}

@article{bengio2003neural,
  title={A Neural probabilistic language models},
  author={Bengio, Yoshua and Schwenk, Holger and Sen{\'e}cal, Jean-S{\'e}bastien and Morin, Fr{\'e}deric and Gauvain, Jean-Luc},
  booktitle={Journal of Machine Learning Research 3},
  pages={1137--1155},
  year={2003},
}

@article{ioffe2015batch,
  title={Batch normalization: Accelerating deep network training by reducing internal covariate shift},
  author={Ioffe, Sergey and Szegedy, Christian},
  journal={arXiv preprint arXiv:1502.03167},
  year={2015}
}

@inproceedings{chen2014fast,
  title={A Fast and Accurate Dependency Parser using Neural Networks.},
  author={Chen, Danqi and Manning, Christopher D},
  booktitle={EMNLP},
  pages={740--750},
  year={2014}
}


@article{kiperwasser2016simple,
  title={Simple and Accurate Dependency Parsing Using Bidirectional LSTM Feature Representations},
  author={Kiperwasser, Eliyahu and Goldberg, Yoav},
  journal={arXiv preprint arXiv:1603.04351},
  year={2016}
}

@article{collobert2011natural,
  title={Natural language processing (almost) from scratch},
  author={Collobert, Ronan and Weston, Jason and Bottou, L{\'e}on and Karlen, Michael and Kavukcuoglu, Koray and Kuksa, Pavel},
  journal={The Journal of Machine Learning Research},
  volume={12},
  pages={2493--2537},
  year={2011},
  publisher={JMLR. org}
}

@article{marcus1993building,
  title={Building a large annotated corpus of English: The Penn Treebank},
  author={Marcus, Mitchell P and Marcinkiewicz, Mary Ann and Santorini, Beatrice},
  journal={Computational linguistics},
  volume={19},
  number={2},
  pages={313--330},
  year={1993},
  publisher={MIT Press}
}

@inproceedings{yamada2003statistical,
  title={Statistical dependency analysis with support vector machines},
  author={Yamada, Hiroyasu and Matsumoto, Yuji},
  booktitle={Proceedings of IWPT},
  volume={3},
  pages={195--206},
  year={2003}
}

@inproceedings{nivre2004incrementality,
  title={Incrementality in deterministic dependency parsing},
  author={Nivre, Joakim},
  booktitle={Proceedings of the Workshop on Incremental Parsing: Bringing Engineering and Cognition Together},
  pages={50--57},
  year={2004},
  organization={Association for Computational Linguistics}
}

@article{nivre2008algorithms,
  title={Algorithms for deterministic incremental dependency parsing},
  author={Nivre, Joakim},
  journal={Computational Linguistics},
  volume={34},
  number={4},
  pages={513--553},
  year={2008},
  publisher={MIT Press}
}

@article{kubler2009dependency,
  title={Dependency parsing},
  author={K{\"u}bler, Sandra and McDonald, Ryan and Nivre, Joakim},
  journal={Synthesis Lectures on Human Language Technologies},
  volume={1},
  number={1},
  pages={1--127},
  year={2009},
  publisher={Morgan \& Claypool Publishers}
}

@incollection{taylor2003penn,
  title={The Penn treebank: an overview},
  author={Taylor, Ann and Marcus, Mitchell and Santorini, Beatrice},
  booktitle={Treebanks},
  pages={5--22},
  year={2003},
  publisher={Springer}
}

@book{murphy2012machine,
  title={Machine learning: a probabilistic perspective},
  author={Murphy, Kevin P},
  year={2012},
  pages={693}
  publisher={MIT press}
}

@article{bishop2006pattern,
  title={Pattern Recognition},
  author={Bishop, Christopher M},
  journal={Machine Learning},
  year={2006}
  pages={227}
}

@inproceedings{toutanova2003feature,
  title={Feature-rich part-of-speech tagging with a cyclic dependency network},
  author={Toutanova, Kristina and Klein, Dan and Manning, Christopher D and Singer, Yoram},
  booktitle={Proceedings of the 2003 Conference of the North American Chapter of the Association for Computational Linguistics on Human Language Technology-Volume 1},
  pages={173--180},
  year={2003},
  organization={Association for Computational Linguistics}
}

@inproceedings{surdeanu2008conll,
  title={The CoNLL-2008 shared task on joint parsing of syntactic and semantic dependencies},
  author={Surdeanu, Mihai and Johansson, Richard and Meyers, Adam and M{\`a}rquez, Llu{\'\i}s and Nivre, Joakim},
  booktitle={Proceedings of the Twelfth Conference on Computational Natural Language Learning},
  pages={159--177},
  year={2008},
  organization={Association for Computational Linguistics}
}

@misc{johansson2008dependency,
  title={Dependency Syntax in the CoNLL Shared Task 2008},
  author={Johansson, Richard},
  year={2008},
  publisher={Citeseer}
}

@article{kiperwassersemi,
  title={Semi-supervised Dependency Parsing using Bilexical Contextual Features from Auto-Parsed Data},
  author={Kiperwasser, Eliyahu and Ramat-Gan, Israel and Goldberg, Yoav}
}